<record><leader>00000cas a22000007a 4500</leader><controlfield tag="001">22879728</controlfield><controlfield tag="008">901220d18931903maudn ne      0    0eng d</controlfield><datafield ind1=" " ind2=" " tag="010"><subfield code="a">sn 89063408 </subfield></datafield><datafield ind1=" " ind2=" " tag="040"><subfield code="a">MGN</subfield><subfield code="b">eng</subfield><subfield code="c">MGN</subfield><subfield code="d">OCLCQ</subfield></datafield><datafield ind1=" " ind2=" " tag="042"><subfield code="a">msc</subfield></datafield><datafield ind1="0" ind2=" " tag="130"><subfield code="a">Waltham evening news (Waltham, Mass. : 1893)</subfield></datafield><datafield ind1="1" ind2="4" tag="245"><subfield code="a">The Waltham evening news.</subfield></datafield><datafield ind1=" " ind2=" " tag="260"><subfield code="a">Waltham, Mass. :</subfield><subfield code="b">News Pub. Co.</subfield></datafield><datafield ind1=" " ind2=" " tag="300"><subfield code="a">v.</subfield></datafield><datafield ind1=" " ind2=" " tag="310"><subfield code="a">Daily (except Sun. and legal holidays)</subfield></datafield><datafield ind1="1" ind2=" " tag="362"><subfield code="a">Began in 1893.</subfield></datafield><datafield ind1="0" ind2=" " tag="362"><subfield code="a">-Dec. 2, 1903.</subfield></datafield><datafield ind1=" " ind2=" " tag="588"><subfield code="a">Description based on: Jan. 20, 1894.</subfield></datafield><datafield ind1=" " ind2=" " tag="752"><subfield code="a">United States</subfield><subfield code="b">Massachusetts</subfield><subfield code="c">Middlesex</subfield><subfield code="d">Waltham.</subfield></datafield><datafield ind1="0" ind2="0" tag="785"><subfield code="t">Waltham news</subfield><subfield code="w">(DLC)sn 89063409</subfield></datafield><datafield ind1="1" ind2=" " tag="029"><subfield code="a">AU@</subfield><subfield code="b">000025852422</subfield></datafield></record>